@INPROCEEDINGS{fspca, 
author={A. Abrams and E. Feder and R. Pless}, 
booktitle={2011 IEEE Workshop on Applications of Computer Vision (WACV)}, 
title={Exploratory analysis of time-lapse imagery with fast subset PCA}, 
year={2011}, 
volume={}, 
number={}, 
pages={336-343}, 
keywords={image reconstruction;monitoring;principal component analysis;video surveillance;environmental monitoring application;exploratory data analysis;fast subset PCA;interactive Web application;low-rank decomposition;reconstruction error;spatial data subset;surveillance;temporal data subset;time-lapse imagery;Cameras;Data analysis;Data visualization;Equations;Image reconstruction;Pixel;Principal component analysis}, 
doi={10.1109/WACV.2011.5711523}, 
ISSN={1550-5790}, 
month={Jan},}

@INPROCEEDINGS{many-outdoor-scenes, 
author={N. Jacobs and N. Roman and R. Pless}, 
booktitle={2007 IEEE Conference on Computer Vision and Pattern Recognition}, 
title={Consistent Temporal Variations in Many Outdoor Scenes}, 
year={2007}, 
volume={}, 
number={}, 
pages={1-6}, 
keywords={geophysics computing;image colour analysis;image resolution;principal component analysis;set theory;weather forecasting;image annotation;image sets;outdoor scenes;second-order statistics;static cameras;surface orientation;Cameras;Color;Computer science;Higher order statistics;Independent component analysis;Jacobian matrices;Layout;Principal component analysis;Statistical distributions;Video sharing}, 
doi={10.1109/CVPR.2007.383258}, 
ISSN={1063-6919}, 
month={June},}

@article{image-process-pca,
author = {Mudrová, M and Procházka, Aleš},
year = {2018},
month = {05},
pages = {},
title = {PRINCIPAL COMPONENT ANALYSIS IN IMAGE PROCESSING}
}